% https://bibtex.com/format/templates/
% https://web.mit.edu/rsi/www/pdfs/bibtex-format.pdf
% https://tex.stackexchange.com/questions/516802/what-are-differences-amongst-conference-proceedings-and-inproceedings

@misc{ref:assignment-brief,
  author       = {Heba Lakany},
  title        = {{ELEC} 330 assignment 3 brief},
  month        = {01},
  year         = {2023},
  howpublished = {University of Liverpool Canvas}
}

@misc{ref:fast-line-following-robots,
  title={Fast line-following robots},
  author={Andy Sloane},
  url={https://a1k0n.net/2018/11/13/fast-line-following.html},
  urldate = {2023-04-20},
  day={13},
  month={11},
  year={2018},
}
